% Encoding: UTF-8

@Article{hummert2014evolutionary,
  author    = {Hummert, Sabine and Bohl, Katrin and Basanta, David and Deutsch, Andreas and Werner, Sarah and Thei{\ss}en, G{\"u}nter and Schroeter, Anja and Schuster, Stefan},
  title     = {Evolutionary game theory: cells as players},
  journal   = {Molecular BioSystems},
  year      = {2014},
  volume    = {10},
  number    = {12},
  pages     = {3044--3065},
  publisher = {Royal Society of Chemistry},
}

@Article{basanta2012investigating,
  author    = {Basanta, David and Scott, Jacob G and Fishman, Mayer N and Ayala, Gustavo and Hayward, Simon W and Anderson, Alexander RA},
  title     = {Investigating prostate cancer tumour--stroma interactions: clinical and biological insights from an evolutionary game},
  journal   = {British journal of cancer},
  year      = {2012},
  volume    = {106},
  number    = {1},
  pages     = {174--181},
  publisher = {Nature Publishing Group},
}

@Article{dingli2009cancer,
  author    = {Dingli, David and Chalub, FACC and Santos, FC and Van Segbroeck, Sven and Pacheco, JM},
  title     = {Cancer phenotype as the outcome of an evolutionary game between normal and malignant cells},
  journal   = {British journal of cancer},
  year      = {2009},
  volume    = {101},
  number    = {7},
  pages     = {1130--1136},
  publisher = {Nature Publishing Group},
}

@Article{archetti2016cooperation,
  author    = {Archetti, Marco},
  title     = {Cooperation among cancer cells as public goods games on Voronoi networks},
  journal   = {Journal of theoretical biology},
  year      = {2016},
  volume    = {396},
  pages     = {191--203},
  publisher = {Elsevier},
}

@Article{archetti2013evolutionary,
  author    = {Archetti, Marco},
  title     = {Evolutionary game theory of growth factor production: implications for tumour heterogeneity and resistance to therapies},
  journal   = {British journal of cancer},
  year      = {2013},
  volume    = {109},
  number    = {4},
  pages     = {1056--1062},
  publisher = {Nature Publishing Group},
}

@Misc{wiki:gametheory,
  author = {Wikipedia},
  title  = {Game Theory --- {W}ikipedia{,} The Free Encyclopedia},
  year   = {2017},
  note   = {[Online; accessed 18-April-2017]},
  url    = {https://hu.wikipedia.org/wiki/J%C3%A1t%C3%A9kelm%C3%A9let},
}

@Article{archetti2015heterogeneity,
  author    = {Archetti, Marco and Ferraro, Daniela A and Christofori, Gerhard},
  title     = {Heterogeneity for IGF-II production maintained by public goods dynamics in neuroendocrine pancreatic cancer},
  journal   = {Proceedings of the National Academy of Sciences},
  year      = {2015},
  volume    = {112},
  number    = {6},
  pages     = {1833--1838},
  publisher = {National Acad Sciences},
}

@Comment{jabref-meta: databaseType:bibtex;}
